@article{hausenblas2013apache,
  title={Apache drill: interactive ad-hoc analysis at scale},
  author={Hausenblas, Michael and Nadeau, Jacques},
  journal={Big Data},
  volume={1},
  number={2},
  pages={100--104},
  doi={10.1089/big.2013.0011},
  year={2013},
  publisher={Mary Ann Liebert, Inc. 140 Huguenot Street, 3rd Floor New Rochelle, NY 10801 USA}
}
@article{miloslavskaya2016big,
  title={Big data, fast data and data lake concepts},
  author={Miloslavskaya, Natalia and Tolstoy, Alexander},
  journal={Procedia Computer Science},
  volume={88},
  pages={300--305},
  year={2016},
  publisher={Elsevier}
}
@article{turner2014digital,
  title={The digital universe of opportunities: Rich data and the increasing value of the internet of things},
  author={Turner, Vernon and Gantz, John F and Reinsel, David and Minton, Stephen},
  journal={IDC Analyze the Future},
  volume={16},
  year={2014}
url={http://www.emc.com/leadership/digital-universe/2014iview/index.htm},
  }
  @inproceedings{miloslavskaya2014information,
  title={Information security maintenance issues for big security-related data},
  author={Miloslavskaya, Natalia and Senatorov, Mikhail and Tolstoy, Alexander and Zapechnikov, Sergey},
  booktitle={Future Internet of Things and Cloud (FiCloud), 2014 International Conference on},
  pages={361--366},
  year={2014},
  organization={IEEE}
}
@article{laskowski2016data,
  title={Data lake governance: A big data do or die},
  author={Laskowski, Nicole},
  journal={URL: http://searchcio. techtarget. com/feature/Data-lake-governance-A-big-data-do-or-die (access date 28/05/2016)},
  year={2016}
}

@book{christen2012data,
  title={Data matching: concepts and techniques for record linkage, entity resolution, and duplicate detection},
  author={Christen, Peter},
  year={2012},
  publisher={Springer Science \& Business Media}
}